
@Misc{ohearn:1996,
  author =	 {O'Hearn, P.W. and Tennent, R.D.},
  title =	 {Algol-like languages, Introduction},
  month =	 {September},
  year =	 {1996},
  annote =	 {Accessed: 2016-03-09}
}

@Misc{linuxlxc2016,
	author = {Canonical Ltd.},
	url = {https://linuxcontainers.org/lxc/introduction/},
	note = {Accessed: 2016-03-08},
	year = {2016},
	title = {Linux Containters: LXC}
}

@Misc{rusterror2016,
	author = {The Rust Project Developers},
	note = {Accessed: 2016-03-08},
	title = {Error Handling},
	year = {2016},
	url = {https://doc.rust-lang.org/book/error-handling.html}
}

@Book{pugh:1995,
  author = 	 {Pugh, Emerson},
  title = 	 {Building IBM: Shaping an Industry and Its Technology},
  publisher = 	 {MIT Press},
  year = 	 {1995}
}

@Misc{docker:2016,
  author = 	 {Docker Inc.},
  title = 	 {What is docker?},
  year = 	 {2016},
  note = 	 {Accessed: 2016-03-08},
}

@Misc{go:2009,
  author = 	 {Kincaid, Jason},
  title = 	 {Google's Go: A New Programming Language That's Python Meets C++},
  month = 	 {November},
  year = 	 {2009},
  note = 	 {Accessed: 2016-03-08}
}

